<?xml version="1.0" encoding="UTF-8"?><record xmlns="http://www.loc.gov/MARC21/slim" xmlns:cinclude="http://apache.org/cocoon/include/1.0" xmlns:zs="http://www.loc.gov/zing/srw/">
  <leader>00934nz  a2200157n  4500</leader>
  <controlfield tag="001">no2006089668</controlfield>
  <controlfield tag="003">DLC</controlfield>
  <controlfield tag="005">20060828051735.0</controlfield>
  <controlfield tag="008">060403n| acannaabn          |a ana     c</controlfield>
  <datafield tag="010" ind1=" " ind2=" ">
    <subfield code="a">no2006089668</subfield>
  </datafield>
  <datafield tag="035" ind1=" " ind2=" ">
    <subfield code="a">(OCoLC)oca07033891</subfield>
  </datafield>
  <datafield tag="040" ind1=" " ind2=" ">
    <subfield code="a">CCSC</subfield>
    <subfield code="b">eng</subfield>
    <subfield code="c">CCSC</subfield>
  </datafield>
  <datafield tag="110" ind1="2" ind2=" ">
    <subfield code="a">Catholic Church.</subfield>
    <subfield code="b">United States Conference of Catholic Bishops.</subfield>
    <subfield code="b">Committee on the Diaconate</subfield>
  </datafield>
  <datafield tag="410" ind1="2" ind2=" ">
    <subfield code="a">Catholic Church.</subfield>
    <subfield code="b">United States Conference of Catholic Bishops.</subfield>
    <subfield code="b">Committee for the Diaconate</subfield>
  </datafield>
  <datafield tag="670" ind1=" " ind2=" ">
    <subfield code="a">National directory for the formation, ministry, and life of permanent deacons in the United States, 2005:</subfield>
    <subfield code="b">t.p. verso(Bishops' Committee on the Diaconate of the United States Conference of Catholic Bishops (USCCB))</subfield>
  </datafield>
  <datafield tag="670" ind1=" " ind2=" ">
    <subfield code="a">United States Conference of Catholic Bishops website, viewed Apr. 3, 2006:</subfield>
    <subfield code="b">webpage, Departments, Diaconate (header: Committee on the Diaconate; text (bishops' [sic] Committee for the Diaconate)</subfield>
    <subfield code="u">http://www.usccb.org/deacon/</subfield>
  </datafield>
</record>